<?xml version="1.0" encoding="UTF-8"?><collection xmlns="http://www.loc.gov/MARC21/slim"><record><leader>00570nam--2200145-i-4500</leader><controlfield tag="001">000021252</controlfield><controlfield tag="002">20161230</controlfield><controlfield tag="005">20170126234553</controlfield><controlfield tag="008">060222s1000------------r-----000-0-eng-d</controlfield><datafield ind1=" " ind2=" " tag="080"><subfield code="a">551.49</subfield></datafield><datafield ind1=" " ind2=" " tag="245"><subfield code="a">Hydrologie des roches fissures. Actes du colloque de dubrovnik, oct.1965, organise par l`UNESCO dans le cadre de la decennie hydrologique internationale avec la collaboration de l`aihs, de la fao et de l`aih</subfield></datafield><datafield ind1=" " ind2=" " tag="260"><subfield code="a">Paris</subfield><subfield code="b">Association Internationel D`Hydrologie Scietifique</subfield><subfield code="c">1967</subfield></datafield><datafield ind1=" " ind2=" " tag="300"><subfield code="a">VII + /423-689/ p</subfield></datafield><datafield ind1=" " ind2=" " tag="852"><subfield code="a">29173</subfield></datafield><datafield ind1=" " ind2=" " tag="CAT"><subfield code="a">SYS</subfield><subfield code="c">20170126</subfield><subfield code="h">234553</subfield></datafield></record></collection>